<record><leader>00000cas a2200000 a 4500</leader><controlfield tag="001">8799330</controlfield><controlfield tag="008">820923d18511855iluwr ne      0   a0eng  </controlfield><datafield ind1=" " ind2=" " tag="010"><subfield code="a">sn 82015065 </subfield></datafield><datafield ind1=" " ind2=" " tag="040"><subfield code="a">DLC</subfield><subfield code="b">eng</subfield><subfield code="c">DLC</subfield><subfield code="d">NPX</subfield><subfield code="d">DLC</subfield><subfield code="d">NVF</subfield><subfield code="d">OCL</subfield><subfield code="d">NVF</subfield><subfield code="d">OCLCO</subfield><subfield code="d">OCLCQ</subfield><subfield code="d">OCLCF</subfield><subfield code="d">NVF</subfield></datafield><datafield ind1=" " ind2=" " tag="042"><subfield code="a">pcc</subfield></datafield><datafield ind1=" " ind2=" " tag="043"><subfield code="a">n-us-il</subfield></datafield><datafield ind1="0" ind2="0" tag="050"><subfield code="a">Newspaper 7680</subfield></datafield><datafield ind1="0" ind2=" " tag="130"><subfield code="a">Quincy weekly herald (Quincy, Ill. : 1851)</subfield></datafield><datafield ind1="1" ind2="4" tag="245"><subfield code="a">The Quincy weekly herald.</subfield></datafield><datafield ind1=" " ind2=" " tag="260"><subfield code="a">Quincy, Ill. :</subfield><subfield code="b">P. Cleveland &amp; Co.,</subfield><subfield code="c">1851-1855.</subfield></datafield><datafield ind1="3" ind2=" " tag="260"><subfield code="3">Aug. 8, 1853-May 7, 1855</subfield><subfield code="a">Quincy, Ill. :</subfield><subfield code="b">Wm. M. Avise</subfield></datafield><datafield ind1=" " ind2=" " tag="300"><subfield code="a">v.</subfield></datafield><datafield ind1=" " ind2=" " tag="310"><subfield code="a">Weekly</subfield></datafield><datafield ind1="0" ind2=" " tag="362"><subfield code="a">Vol. 17, no. 49 (Aug. 18, 1851)-v. 21, no. 34 (May 7, 1855).</subfield></datafield><datafield ind1=" " ind2=" " tag="500"><subfield code="a">"Extra" editions accompany some issues.</subfield></datafield><datafield ind1=" " ind2=" " tag="580"><subfield code="a">Daily ed.: Quincy daily herald (Quincy, Ill. : 1853), &lt;1853&gt;-1855.</subfield></datafield><datafield ind1=" " ind2="0" tag="651"><subfield code="a">Quincy (Ill.)</subfield><subfield code="v">Newspapers.</subfield></datafield><datafield ind1=" " ind2="7" tag="651"><subfield code="a">Illinois</subfield><subfield code="z">Quincy.</subfield><subfield code="2">fast</subfield><subfield code="0">(OCoLC)fst01212078</subfield></datafield><datafield ind1=" " ind2="7" tag="655"><subfield code="a">Newspapers.</subfield><subfield code="2">fast</subfield><subfield code="0">(OCoLC)fst01423814</subfield></datafield><datafield ind1=" " ind2=" " tag="752"><subfield code="a">United States</subfield><subfield code="b">Illinois</subfield><subfield code="c">Adams County</subfield><subfield code="d">Quincy.</subfield></datafield><datafield ind1="1" ind2=" " tag="775"><subfield code="t">Quincy daily herald (Quincy, Ill. : 1853)</subfield><subfield code="w">(DLC)sn 92054606</subfield><subfield code="w">(OCoLC)26042178</subfield></datafield><datafield ind1="0" ind2="0" tag="780"><subfield code="t">Quincy herald (Quincy, Ill. : 1851)</subfield><subfield code="w">(DLC)sn 92054601</subfield><subfield code="w">(OCoLC)26037726</subfield></datafield><datafield ind1="0" ind2="0" tag="785"><subfield code="t">Quincy herald (Quincy, Ill. : 1855)</subfield><subfield code="w">(DLC)sn 84038623</subfield><subfield code="w">(OCoLC)11380716</subfield></datafield><datafield ind1="1" ind2=" " tag="029"><subfield code="a">AU@</subfield><subfield code="b">000020225314</subfield></datafield></record>